<?xml version="1.0" encoding="UTF-8"?><collection xmlns="http://www.loc.gov/MARC21/slim"><record><leader>00578nam--2200145-i-4500</leader><controlfield tag="001">000044637</controlfield><controlfield tag="002">20161230</controlfield><controlfield tag="005">20161230201044</controlfield><controlfield tag="008">060222s1000------------r-----000-0-eng-d</controlfield><datafield ind1=" " ind2=" " tag="080"><subfield code="a">546.681:621.3.049.77(061.3)</subfield></datafield><datafield ind1=" " ind2=" " tag="245"><subfield code="a">Gallium arsenide and related compounds. invited and contributed papers from the eighth international symposium on gallium arsenide and related compounds held at the technical univ.of vienna, 22-24 sept.1980</subfield></datafield><datafield ind1=" " ind2=" " tag="260"><subfield code="a">Bristol, Institute Of Physics, 1981, X+749p</subfield></datafield><datafield ind1=" " ind2=" " tag="490"><subfield code="a">The Inst.Of Physics, Conference Series</subfield></datafield><datafield ind1=" " ind2=" " tag="700"><subfield code="a">Thim,H.W</subfield></datafield><datafield ind1=" " ind2=" " tag="852"><subfield code="a">70239</subfield></datafield></record></collection>